@misc{oetiker1995not,
  title={The not so short introduction to {LATEX2}$\varepsilon$},
  author={Oetiker, Tobias and Partl, Hubert and Hyna, Irene and Schlegl, Elisabeth},
  howpublished={available online: \url{http://www.tex.ac.uk/tex-archive/info/lshort}},
  year={1995}
}

@article{katz1979history,
  title={The History of Stokes's Theorem},
  author={Victor J. Katz},
  journal={Mathematics Magazine},
  volume={52},
  pages={146-156},
  year={1979},
}

